@Book{zbMATH07692715,
 Author = {Pongsriiam, Prapanpong},
 Title = {Analytic number theory for beginners},
 Edition = {2nd edition},
 FSeries = {Student Mathematical Library},
 Series = {Stud. Math. Libr.},
 ISSN = {1520-9121},
 Volume = {103},
 ISBN = {978-1-4704-6444-8; 978-1-4704-7357-0},
 Year = {2023},
 Publisher = {Providence, RI: American Mathematical Society (AMS)},
 Language = {English},
 DOI = {10.1090/stml/103},
 Keywords = {11-01,97F60},
 zbMATH = {7692715},
 Zbl = {1531.11002}
}

@Book{zbMATH03523640,
 Author = {Apostol, Tom M.},
 Title = {Introduction to analytic number theory},
 FSeries = {Undergraduate Texts in Mathematics},
 Series = {Undergraduate Texts Math.},
 ISSN = {0172-6056},
 Year = {1976},
 Publisher = {Springer, Cham},
 Language = {English},
}

@Misc{zbMATH03484308,
 Author = {Apostol, Tom M.},
 Title = {Mathematical analysis. 2nd ed},
 Year = {1974},
 Language = {English},
}
@Book{zbMATH01245554,
 Author = {Lang, Serge},
 Title = {Complex analysis.},
 Edition = {4th ed.},
 FSeries = {Graduate Texts in Mathematics},
 Series = {Grad. Texts Math.},
 ISSN = {0072-5285},
 Volume = {103},
 ISBN = {0-387-97886-0},
 Year = {1999},
 Publisher = {New York, NY: Springer},
 Language = {English},
}

@Book{zbMATH01822311,
 Author = {Jameson, G. J. O.},
 Title = {The prime number theorem},
 FSeries = {London Mathematical Society Student Texts},
 Series = {Lond. Math. Soc. Stud. Texts},
 ISSN = {0963-1631},
 Volume = {53},
 ISBN = {0-521-81411-1; 0-521-89110-8},
 Year = {2003},
 Publisher = {Cambridge: Cambridge University Press},
 Language = {English},
}

@Book{zbMATH05203418,
 Author = {Murty, M. Ram},
 Title = {Problems in analytic number theory},
 Edition = {2nd ed.},
 FSeries = {Graduate Texts in Mathematics},
 Series = {Grad. Texts Math.},
 ISSN = {0072-5285},
 Volume = {206},
 ISBN = {978-0-387-72349-5},
 Year = {2008},
 Publisher = {New York, NY: Springer},
 Language = {English},
}

@book{patterson1995introduction,
  title={An introduction to the theory of the Riemann zeta-function},
  author={Patterson, Samuel J},
  year={1995},
  publisher={Cambridge University Press}
}

@Book{zbMATH01889799,
 Author = {Stein, Elias M. and Shakarchi, Rami},
 Title = {Complex analysis},
 FSeries = {Princeton Lectures in Analysis},
 Series = {Princeton Lect. Anal.},
 Volume = {2},
 ISBN = {0-691-11385-8},
 Year = {2003},
 Publisher = {Princeton, NJ: Princeton University Press},
}
@article{riemann1990ueber,
  title={On the Number of Primes less than a Given Magnitude},
  author={Riemann, Bernhard},
  journal={Complete Works. Kendrick Press},
  year={2004}
}
@Misc{zbMATH03255845,
 Author = {Davenport, Harold},
 Title = {Multiplicative number theory},
 Year = {1967},
 Language = {English},
}
@Article{zbMATH01107398,
 Author = {Zagier, D.},
 Title = {Newman's short proof of the prime number theorem},
 FJournal = {American Mathematical Monthly},
 Journal = {Am. Math. Mon.},
 ISSN = {0002-9890},
 Volume = {104},
 Number = {8},
 Pages = {705--708},
 Year = {1997},
}

@Article{zbMATH06696360,
 Author = {Granville, Andrew and Martin, Greg},
 Title = {Prime number races},
 FJournal = {La Gaceta de la Real Sociedad Matem{\'a}tica Espa{\~n}ola},
 Journal = {Gac. R. Soc. Mat. Esp.},
 ISSN = {1138-8927},
 Volume = {8},
 Number = {1},
 Pages = {197--240},
 Year = {2005},
}
@Book{zbMATH01081992,
 Author = {Murty, M. Ram and Murty, V. Kumar},
 Title = {Non-vanishing of L-functions and applications},
 FSeries = {Progress in Mathematics},
 Series = {Prog. Math.},
 ISSN = {0743-1643},
 Volume = {157},
 ISBN = {3-7643-5801-7},
 Year = {1997},
}

@article{hildebrand2006introduction,
  title={Introduction to analytic number theory Math 531 lecture notes, fall 2005},
  author={Hildebrand, Adolf J},
  journal={URL: http://www. math. uiuc. edu/hildebr/ant. Version},
  volume={1},
  year={2006}
}

@Book{zbMATH02121181,
 Author = {Iwaniec, Henryk and Kowalski, Emmanuel},
 Title = {Analytic number theory},
 ISSN = {0065-9258},
 Volume = {53},
 ISBN = {0-8218-3633-1},
 Year = {2004},
 Publisher = {Providence, RI: American Mathematical Society (AMS)},
}
@Article{zbMATH03274027,
 Author = {Levinson, N.},
 Title = {A motivated account of an elementary proof of the prime number theorem},
 FJournal = {American Mathematical Monthly},
 Journal = {Am. Math. Mon.},
 ISSN = {0002-9890},
 Volume = {76},
 Pages = {225--245},
 Year = {1969},
}
@Book{zbMATH05129219,
 Author = {Montgomery, Hugh L. and Vaughan, Robert C.},
 Title = {Multiplicative number theory. {I}. {Classical} theory},
 FSeries = {Cambridge Studies in Advanced Mathematics},
 Series = {Camb. Stud. Adv. Math.},
 Volume = {97},
 ISBN = {0-521-84903-9},
 Year = {2007},
 Publisher = {Cambridge: Cambridge University Press},
}
@Article{zbMATH03693380,
 Author = {Newman, D. J.},
 Title = {Simple analytic proof of the prime number theorem},
 FJournal = {American Mathematical Monthly},
 Journal = {Am. Math. Mon.},
 ISSN = {0002-9890},
 Volume = {87},
 Pages = {693--696},
 Year = {1980},
}
@Article{zbMATH05007242,
 Author = {Korevaar, Jaap},
 Title = {The {Wiener}-{Ikehara} theorem by complex analysis},
 FJournal = {Proceedings of the American Mathematical Society},
 Journal = {Proc. Am. Math. Soc.},
 ISSN = {0002-9939},
 Volume = {134},
 Number = {4},
 Pages = {1107--1116},
 Year = {2006},
}
@Article{zbMATH03781272,
 Author = {Korevaar, J.},
 Title = {On {Newman}'s quick way to the prime number theorem},
 FJournal = {The Mathematical Intelligencer},
 Journal = {Math. Intell.},
 ISSN = {0343-6993},
 Volume = {4},
 Pages = {108--115},
 Year = {1982},
}
@Article{zbMATH06625142,
 Author = {Vatwani, Akshaa},
 Title = {A simple proof of {Wiener}-{Ikehara} {Tauberian} theorem},
 FJournal = {The Mathematics Student},
 Journal = {Math. Stud.},
 ISSN = {0025-5742},
 Volume = {84},
 Number = {3-4},
 Pages = {127--134},
 Year = {2015},
}
@Article{zbMATH00980811,
 Author = {Bateman, Paul T. and Diamond, Harold G.},
 Title = {A hundred years of prime numbers},
 FJournal = {American Mathematical Monthly},
 Journal = {Am. Math. Mon.},
 ISSN = {0002-9890},
 Volume = {103},
 Number = {9},
 Pages = {729--741},
 Year = {1996},
}